
@book{Lang,
   title = "Algebra",
   author = "Lang, Serge",
   publisher = "Addison-Wesley",
   address = "Menlo Park Cal",
   url = "http://opac.inria.fr/record=b1081613",
   isbn = "0-201-55540-9",2
   year = 1993
}

@article{Kn15,
 author = {Michael Knopf and Jesse Milzman and Derek A. Smith and Dantong Zhu and Dara Zirlin},
 title = {\emph{Lattice Embeddings of Planar Pointsets}, preprint},
 year = {2015}
}

@article{Pa40,
 ISSN = {00029947},
 URL = {http://www.jstor.org/stable/1989965},
 author = {Gordon Pall},
 journal = {Transactions of the American Mathematical Society},
 number = {3},
 pages = {487-500},
 publisher = {American Mathematical Society},
 title = {On the Arithmetic of Quaternions},
 volume = {47},
 year = {1940}
}

@article{Co46,
 author = {H. S. M. Coxeter},
 journal = {Duke Math Journal},
 issue = {13},
 pages = {561-578},
 title = {Integral {C}ayley numbers},
 year = {1946}
}

@article{Pa70,
 author = {Gordon Pall},
 journal = {Journal of Number Theory},
 issue = {1},
 pages = {74-90},
 title = {Factorization of {C}ayley numbers},
 volume = {2},
 year = {1970}
}

@article{Co12,
 author = {Boyd Coan and {Cherng{-}tiao} Perng},
 journal = {International Mathematical Forum},
 number = {43},
 pages = {2143-2156},
 title = {Factorization of {H}urwitz Quaternions},
 volume = {7},
 year = {2012}
}

@article{Re93,
 author = {H. P. Rehm},
 journal = {Annales de la Facult\` e des Sciences de Toulouse},
 pages = {271-289},
 title = {Prime factorization of integral {C}ayley octaves},
 volume = {2},
 year = {1993}
}

@article{Fr01,
 author = {Jan Fricke},
 journal = {arXiv:math/0112239 [math.NT]},
 title = {On {H}eronian Simplices and Integer Embedding},
 year = {21 Dec 2001}
}

@article{Kr08,
 author = {Tobias Kreisel and Sascha Kurz},
 journal = {Discrete and Computational Geometry},
 pages = {786-790},
 title = {There Are Integral Heptagons, no Three Points on a Line, no Four on a Circle},
 volume = {39},
 year = {2008}
}

@article{Ku06,
 author = {Sascha Kurz},
 journal = {Journal of Combinatorics},
 pages = {241-248},
 title = {On the Characteristic of Integral Point Sets in $\mathbb{E}^m$},
 volume = {36},
 year = {2006}
}

@article{Ku14,
 author = {Sascha Kurz and Landon Noll and Randall Rathbun and Chuck Simmons},
 journal = {Serdica Journal of Computing},
 pages = {47-70},
 title = {Constructing $7$-clusters},
 volume = {8},
 year = {2014}
}

@article{Lu12,
 author = {Fred Lunnon},
 journal = {arXiv:1202.3198v2 [math.MG]},
 title = {Lattice Embedding of {H}eronian Simplices},
 year = {1 July 2012}
}

@article{Ma13,
 author = {Susan Marshall and Alexander Perlis},
 journal = {The American Mathematical Monthly},
 pages = {140-149},
 title = {Heronian Tetrahedra Are Lattice Tetrahedra},
 volume = {120},
 number = {2},
 year = {February 2013}
}

@article{No89,
 author = {Landon Noll and David Bell},
 journal = {Mathematics of Computation},
 pages = {439-444},
 title = {$n$-clusters for $1<n<7$},
 volume = {53},
 year = {1989}
}

@article{We73,
 author = {PJ Weinberger},
 journal = {Acta Arithmetica},
 pages = {117-124},
 title = {Exponents of the class groups of complex quadratic fields},
 volume = {22},
 year = {1973}
}

@article{Yi17,
 author = {Paul Yiu},
 journal = {The American Mathematical
Monthly},
 pages = {261-263},
 title = {Heronian Triangles Are Lattice Triangles},
 volume = {108},
 number = {3},
 year = {March 2001}
}

@article{Pe11,
 author = {{Cherng{-}tiao} Perng},
 title = {\emph{Factorizaton of {L}ipschitz quaternions}, preprint},
 year = {2011}
}

@BOOK{Co62,
AUTHOR    = {Harvey Cohn}, 
TITLE     = {Advanced Number Theory},
PUBLISHER = {Dover},
YEAR      = {1980}
}

@BOOK{Gu04,
AUTHOR    = {Richard Guy}, 
TITLE     = {Unsolved Problems in Number Theory},
EDITION   = {3rd},
PUBLISHER = {Springer},
YEAR      = {2004}
}

@book{Co03,
  title={On Quaternions and Octonions},
  author={Conway, J.H. and Smith, D.A.},
  isbn={9781568811345},
  lccn={2002035555},
  series={Ak Peters Series},
  url={https://books.google.com/books?id=E\_HCwwxMbfMC},
  year={2003},
  publisher={Taylor \& Francis}
}
